@book{thinking,
  title  = {Thinking, fast and slow},
  author = {Kahneman, Daniel and Egan, Patrick},
  year   = {2013}
},
@book{mindstorms,
  title     = {Mindstorms},
  publisher = {Birkh√§user Basel},
  author    = {Papert},
  year      = {1982}
}